@article{art1,
    author =	"N. Robertson and P. Seymour",
	title =		"Graph minors. I. Excluding a forest",
	journal =	"Journal of Combinatorial Theory, Series B",
	volume =	"35, no.1",
	pages =		"39--61",
	year =		1983}
@article{art2,
    author =	"N. Robertson and P. Seymour",
	title =		"Graph minors. III. Planar tree-width",
	journal =	"Journal of Combinatorial Theory, Series B",
	volume =	"36, no.1",
	pages =		"49--64",
	year =		1984}
@article{art3,
    author =	"S. Arnborg and D.G. Corneil and A. Proskurowski",
	title =		"Complexity of finding embeddings in a k-tree",
	journal =	"SIAM Journal on Algebraic Discrete Methods",
	volume =	"8, no.2",
	pages =		"277--284",
	year =		1987}
@article{art4,
    author =	"S. Arnborg and A. Proskurowski",
	title =		"Linear time algorithms for NP-hard problems restricted to partial k-trees",
	journal =	"Discrete Applied Mathematics",
	volume =	"23, no.1",
	pages =		"11--24",
	year =		1989}
@article{art5,
    author =	"E. Amir",
	title =		"Approximation Algorithms for Treewidth",
	journal =	"Algorithmica",
	volume =	"56",
	pages =		"448--479",
	year =		2010}
@article{art6,
    author =	"Korhonen, Tuukka",
	title =		"A single-exponential time 2-approximation algorithm for treewidth",
	journal =	"SIAM Journal on Computing",
	pages =		"FOCS21--174",
	year =		2023}
@article{art7,
    author =	"Groenland, Carla and Joret, Gwena{\"e}l and Nadara, Wojciech and Walczak, Bartosz",
	title =		"Approximating pathwidth for graphs of small treewidth",
	journal =	"ACM transactions on algorithms",
	volume =	"19",
	pages =		"1--19",
	year =		2023}
@article{art8,
    author =	"Cattell, Kevin and Dinneen, Michael J and Fellows, Michael R",
	title =		"A simple linear-time algorithm for finding path-decompositions of small width",
	journal =	"Information processing letters",
	volume =	"57",
	pages =		"197--203",
	year =		1996}
@article{art9,
    author =	"B.A. Reed",
	title =		"Tree width and tangles: a new connectivity measure and some applications",
	journal =	"Surveys in Combinatorics",
	pages =		"87--162",
	year =		1997}
@article{art10,
    author =	"T. Johnson and N. Robertson and P. Seymour and R. Thomas",
	title =		"Directed tree-width",
	journal =	"Journal of Combinatorial Theory, Series B",
	volume =	"82, no.1",
	pages =		"138--154",
	year =		2001}
@article{art11,
    author =	"D. Berwanger and A. Dawar and P. Hunter, S. Kreutzer and J. Obdržálek",
	title =		"The DAG-width of directed graphs",
	journal =	"Journal of Combinatorial Theory, Series B",
	volume =	"102, no.4",
	pages =		"900--923",
	year =		2012}
@article{art12,
    author =	"Kasahara, S. and Kawahara, J. and Minato, S. and Mori, J.",
    yomi =		"Shoji Kasahara, Jun Kawahara, Minato Shin-ichi, and Jumpei Mori",
	title =		"DAG-pathwidth: Graph algorithmic analyses of DAG-type blockchain networks",
	journal =	"IEICE Transactions on Information and Systems",
	volume =	"E106-D, No.3",
	year =		2023}
@article{art13,
    author =	"L. Kirousis and C. Papadimitriou",
	title =		"Searching and pebbling",
	journal =	"Theoretical Computer Science",
	volume =	"47",
	pages =		"205--218",
	year =		1986}
@article{art14,
    author =	"Gilbert, John R and Lengauer, Thomas and Tarjan, Robert Endre",
	title =		"The pebbling problem is complete in polynomial space",
	journal =	"Proceedings of the eleventh annual ACM symposium on Theory of computing",
	pages =		"237--248",
	year =		1979}
@article{art15,
    author =	"S. Dziembowski and S. Faust and V. Kolmogorov and K.Pietrzak",
	title =		"Proofs of Space",
	journal =	"Advances in Cryptology - CRYPTO 2015",
	pages =		"585--605",
	year =		2015}
@article{art16,
    author =	"Sethi, Ravi",
	title =		"Complete Register Allocation Problems",
	journal =	"SIAM Journal on Computing",
    volume =	"4",
	pages =		"226--248",
	year =		1975}
@article{art17,
    author =	"Ganian, Robert and Hlin{\v{e}}n{\`y}, Petr and Kneis, Joachim and Langer, Alexander and Obdr{\v{z}}{\'a}lek, Jan and Rossmanith, Peter",
	title =		"Digraph width measures in parameterized algorithmics",
	journal =	"Discrete applied mathematics",
    volume =	"168",
	pages =		"88--107",
	year =		2014}
@article{art18,
    author =	"Fomin, Fedor V and Grandoni, Fabrizio and Kratsch, Dieter and Lokshtanov, Daniel and Saurabh, Saket",
	title =		"Computing optimal Steiner trees in polynomial space",
    journal =	"Algorithmica",
    volume  =   {65},
	pages =		"584--604",
	year =		2013}
@article{art19,
    author =	"Ravi, Ramamurthy and Agrawal, Ajit and Klein, Philip",
	title =		"Ordering problems approximated: single-processor scheduling and interval graph completion",
    journal =	"Automata, Languages and Programming: 18th International Colloquium Madrid, Spain, July 8--12, 1991 Proceedings 18",
	pages =		"751--762",
	year =		1991}
@article{art20,
    author =	"Austrin, Per and Pitassi, Toniann and Wu, Yu",
	title =		"Inapproximability of treewidth, one-shot pebbling, and related layout problems",
    journal =	"International Workshop on Approximation Algorithms for Combinatorial Optimization",
    volume =    {65},
	pages =		"13--24",
	year =		2012}
@article{art21,
    author =	"Even, S. and Itai, A. and Shamir, A.",
	title =		"On the Complexity of Timetable and Multicommodity Flow Problems",
    journal =	"SIAM Journal on Computing",
    volume =    {5},
	pages =		"691--703",
	year =		1976}
@article{art22,
    author =	"R{\'{e}}my Belmonte and
                  Tesshu Hanaka and
                  Ioannis Katsikarelis and
                  Eun Jung Kim and
                  Michael Lampis",
	title =		"New Results on Directed Edge Dominating Set",
    journal =	"CoRR",
    volume =    {abs/1902.04919},
	year =		2019}
@article{art23,
    author =	"Tesshu Hanaka and Naomi Nishimura and Hirotaka Ono",
	title =		"On directed covering and domination problems",
    journal =	"Discrete Applied Mathematics",
    volume =    {259},
	pages =		"76--99",
	year =		2019}